@software{Agarwal_Ceres_Solver_2022,
  author  = {Agarwal, Sameer and Mierle, Keir and The Ceres Solver Team},
  title   = {{Ceres Solver}},
  license = {Apache-2.0},
  url     = {https://github.com/ceres-solver/ceres-solver},
  version = {2.1},
  year    = {2022},
  month   = {3}
}

@software{agisoft,
  author  = {Agisoft},
  title   = {Metashape},
  url     = {https://www.agisoft.com},
  version = {1.8.7},
  year    = {2023}
}

@article{ahn_box_2010,
  title     = {Glacier velocities from time-lapse photos: technique development and first results from the Extreme Ice Survey (EIS) in Greenland},
  volume    = {56},
  doi       = {10.3189/002214310793146313},
  number    = {198},
  journal   = {J. Glaciol.},
  publisher = {Cambridge University Press},
  author    = {Ahn, Yushin and Box, Jason E.},
  year      = {2010},
  pages     = {723–734}
}

@article{Alcantarilla2012,
  title   = {{KAZE} features},
  volume  = {7577 LNCS},
  doi     = {10.1007/978-3-642-33783-3_16},
  number  = {PART 6},
  journal = {Lecture Notes in Computer Science (including subseries Lecture Notes in Artificial Intelligence and Lecture Notes in Bioinformatics)},
  author  = {Alcantarilla, Pablo Fernández and Bartoli, Adrien and Davison, Andrew J.},
  year    = {2012},
  pages   = {214--227}
}

@article{allstadt2015observations,
  title     = {Observations of seasonal and diurnal glacier velocities at Mount Rainier, Washington, using terrestrial radar interferometry},
  author    = {Allstadt, Kate E and Shean, David E and Campbell, Andrew and Fahnestock, Mark and Malone, Stephen D},
  journal   = {The Cryosphere},
  volume    = {9},
  pages     = {2219--2235},
  year      = {2015},
  publisher = {Copernicus GmbH},
  doi       = {10.5194/tc-9-2219-2015}
}

@article{altena_kaab_2020,
  title     = {Ensemble matching of repeat satellite images applied to measure fast-changing ice flow, verified with mountain climber trajectories on Khumbu icefall, Mount Everest},
  volume    = {66},
  doi       = {10.1017/jog.2020.66},
  number    = {260},
  journal   = {Journal of Glaciology},
  publisher = {Cambridge University Press},
  author    = {Altena, Bas and K{\"{a}}{\"{a}}b, Andreas},
  year      = {2020},
  pages     = {905–915}
}

@article{Altena2017,
  author    = {Altena, Bas and K{\"{a}}{\"{a}}b, Andreas},
  doi       = {10.3389/feart.2017.00053},
  journal   = {Frontiers in Earth Science},
  month     = {jun},
  pages     = {53},
  publisher = {Frontiers Media S.A.},
  title     = {{Weekly Glacier Flow Estimation from Dense Satellite Time Series Using Adapted Optical Flow Technology}},
  volume    = {5},
  year      = {2017}
}

@article{Anders2021_py4dgeo,
  title   = {Fully automatic spatiotemporal segmentation of 3D LiDAR time series for the extraction of natural surface changes},
  journal = {ISPRS J. Photogramm.
             Remote Sens},
  volume  = {173},
  pages   = {297-308},
  year    = {2021},
  doi     = {10.1016/j.isprsjprs.2021.01.015},
  author  = {Katharina Anders and Lukas Winiwarter and Hubert Mara and Roderik Lindenbergh and Sander E. Vos and Bernhard Höfle}
}

@inproceedings{arandjelovic2012three,
  title        = {Three things everyone should know to improve object retrieval},
  author       = {Arandjelovi{\'c}, Relja and Zisserman, Andrew},
  booktitle    = {2012 Proc. CVPR IEEE},
  pages        = {2911--2918},
  year         = {2012},
  organization = {IEEE}
}

@inproceedings{Arandjelovic2016_netvlad,
  author    = {Arandjelovi\'c, R. and Gronat, P. and Torii, A. and Pajdla, T. and Sivic, J.},
  title     = {{NetVLAD}: {CNN} architecture for weakly supervised place recognition},
  booktitle = {Proc. CVPR IEEE},
  year      = {2016}
}

@article{Avanzi2018,
  author         = {Avanzi, Francesco and Bianchi, Alberto and Cina, Alberto and De Michele, Carlo and Maschio, Paolo and Pagliari, Diana and Passoni, Daniele and Pinto, Livio and Piras, Marco and Rossi, Lorenzo},
  title          = {Centimetric Accuracy in Snow Depth Using Unmanned Aerial System Photogrammetry and a MultiStation},
  journal        = {Remote Sensing},
  volume         = {10},
  year           = {2018},
  number         = {5},
  article-number = {765},
  doi            = {10.3390/rs10050765}
}

@misc{Baid2021_GTSFM,
  author       = {Ayush Baid and Travis Driver and Fan Jiang and Akshay Krishnan and John Lambert
                  and Ren Liu and Aditya Singh and Neha Upadhyay and Aishwarya Venkataramanan
                  and Sushmita Warrier and Jon Womack and Jing Wu and Xiaolong Wu and Frank Dellaert},
  title        = { {GTSFM}: Georgia Tech Structure from Motion},
  howpublished = {\url{https://github.com/borglab/gtsfm}},
  year         = {2021}
}


@article{Barry2006,
  author  = {Roger G. Barry},
  title   = {The status of research on glaciers and global glacier recession: a review},
  journal = {PPG: Earth and Environment},
  volume  = {30},
  number  = {3},
  pages   = {285-306},
  year    = {2006},
  doi     = {10.1191/0309133306pp478ra}
}


@inproceedings{bay_surf_2006,
  address    = {Berlin, Heidelberg},
  series     = {Lecture {Notes} in {Computer} {Science}},
  title      = {{SURF}: {Speeded} {Up} {Robust} {Features}},
  isbn       = {978-3-540-33833-8},
  shorttitle = {{SURF}},
  doi        = {10.1007/11744023_32},
  booktitle  = {Computer {Vision} – {ECCV} 2006},
  publisher  = {Springer},
  author     = {Bay, Herbert and Tuytelaars, Tinne and Van Gool, Luc},
  year       = {2006},
  pages      = {404--417}
}

@inproceedings{Bellavia2022_imagematching_ch,
  author    = {Bellavia, F.
               and Colombo, C.
               and Morelli, L.
               and Remondino, F.},
  title     = {Challenges in Image Matching for Cultural Heritage: An Overview and Perspective},
  booktitle = {Image Analysis and Processing. ICIAP 2022 Workshops},
  year      = {2022},
  publisher = {Springer International Publishing},
  address   = {Cham},
  pages     = {210--222}
}
@article{belloni2023,
  author    = {Valeria Belloni and Martina Di Rita and Davide Fugazza and Giacomo Traversa and Kevin Hanson and Guglielmina Diolaiuti and Mattia Crespi},
  title     = {High-resolution high-accuracy orthophoto map and digital surface model of Forni Glacier tongue (Central Italian Alps) from UAV photogrammetry},
  journal   = {Journal of Maps},
  volume    = {19},
  number    = {1},
  pages     = {2217508},
  year      = {2023},
  publisher = {Taylor & Francis},
  doi       = {10.1080/17445647.2023.2217508}
}

@article{Benoit2015,
  title     = {Multi-method monitoring of Glacier d'Argentière dynamics},
  volume    = {56},
  doi       = {10.3189/2015AoG70A985},
  number    = {70},
  journal   = {Annals of Glaciol.},
  publisher = {Cambridge University Press},
  author    = {Benoit, Lionel and Dehecq, Amaury and Pham, Ha-Thai and Vernier, Flavien and Trouvé, Emmanuel and Moreau, Luc and Martin, Olivier and Thom, Christian and Pierrot-Deseilligny, Marc and Briole, Pierre and et al.},
  year      = {2015},
  pages     = {118–128}
}

@article{benoit2015multi,
  title     = {Multi-method monitoring of Glacier d’Argentière dynamics},
  author    = {Benoit, Laurent and Dehecq, Amaury and Pham, Hai T and Vernier, Fabien and Trouv{\'e}, Emmanuel and Moreau, Luc and Martin, Olivier and Thom, Christian and Pierrot-Deseilligny, Marc and Briole, Pierre},
  journal   = {Annals of Glaciology},
  volume    = {56},
  pages     = {118--128},
  year      = {2015},
  publisher = {Cambridge University Press},
  doi       = {10.3189/2015AoG70A985}
}

@article{Blanch2021_MEMI,
  author         = {Blanch, Xabier and Eltner, Anette and Guinau, Marta and Abellan, Antonio},
  title          = {Multi-Epoch and Multi-Imagery (MEMI) Photogrammetric Workflow for Enhanced Change Detection Using Time-Lapse Cameras},
  journal        = {Remote Sensing},
  volume         = {13},
  year           = {2021},
  number         = {8},
  article-number = {1460},
  issn           = {2072-4292},
  doi            = {10.3390/rs13081460}
}
@article{Blanch2023,
  author  = {Blanch, X. and Guinau, M. and Eltner, A. and Abellan, A.},
  title   = {Fixed photogrammetric systems for natural hazard monitoring with high spatio-temporal resolution},
  journal = {Natural Hazards and Earth System Sciences Discussions},
  volume  = {2023},
  year    = {2023},
  pages   = {1--19},
  doi     = {10.5194/nhess-2023-79}
}

@article{Bonneau2020_animal,
  title   = {Outdoor animal tracking combining neural network and time-lapse cameras},
  journal = {Computers and Electronics in Agriculture},
  volume  = {168},
  pages   = {105150},
  year    = {2020},
  doi     = {https://doi.org/10.1016/j.compag.2019.105150},
  author  = {Mathieu Bonneau and Jehan-Antoine Vayssade and Willy Troupe and Rémy Arquet}
}

@article{brown1971,
  title   = {Close-range camera calibration},
  author  = {Brown, C. D.},
  journal = {Photogramm. Eng},
  volume  = {37},
  number  = {8},
  pages   = {855--866},
  year    = {1971}
}

@article{Chen_2021_handcrafted_to_DL,
  author    = {Lin Chen and Franz Rottensteiner and Christian Heipke},
  title     = {Feature detection and description for image matching: from hand-crafted design to deep learning},
  journal   = {Geo-spat. Inf. Sci.},
  volume    = {24},
  number    = {1},
  pages     = {58-74},
  year      = {2021},
  publisher = {Taylor & Francis},
  doi       = {10.1080/10095020.2020.1843376}
}

@article{Chudley2019,
  author    = {Chudley, T. R. and Christoffersen, P. and Doyle, S. H. and Abellan, A. and Snooke, N.},
  doi       = {10.5194/tc-13-955-2019},
  journal   = {Cryosphere},
  number    = {3},
  pages     = {955--968},
  publisher = {Copernicus GmbH},
  title     = {{High-accuracy UAV photogrammetry of ice sheet dynamics with no ground control}},
  volume    = {13},
  year      = {2019}
}

@inproceedings{chum_locally_2003,
  location  = {Berlin, Heidelberg},
  title     = {Locally Optimized {RANSAC}},
  doi       = {10.1007/978-3-540-45243-0_31},
  series    = {Lecture Notes in Computer Science},
  pages     = {236--243},
  booktitle = {Pattern Recognition},
  publisher = {Springer},
  author    = {Chum, Ondřej and Matas, Jiří and Kittler, Josef},
  editor    = {Michaelis, Bernd and Krell, Gerald},
  year      = {2003}
}

@inproceedings{chum_two-view_2005,
  title      = {Two-view geometry estimation unaffected by a dominant plane},
  volume     = {1},
  doi        = {10.1109/CVPR.2005.354},
  eventtitle = {2005 {IEEE} Computer Society Conference on Computer Vision and Pattern Recognition ({CVPR}'05)},
  pages      = {772--779 vol. 1},
  booktitle  = {2005 {IEEE} Computer Society Conference on Computer Vision and Pattern Recognition ({CVPR}'05)},
  author     = {Chum, O. and Werner, T. and Matas, J.},
  date       = {2005},
  year       = {2005}
}

@article{Cleveland1979,
  author    = {Cleveland, William},
  title     = {Robust Locally Weighted Regression and Smoothing Scatterplots},
  journal   = {Journal of the American Statistical Association},
  volume    = {74},
  number    = {368},
  pages     = {829-836},
  year      = {1979},
  publisher = {Taylor & Francis},
  doi       = {10.1080/01621459.1979.10481038}
}


@article{Degaetani2021,
  author    = {De Gaetani, Carlo Iapige and Ioli, Francesco and Pinto, Livio},
  doi       = {10.3390/RS13183787},
  journal   = {Remote Sensing 2021, Vol. 13, Page 3787},
  month     = {sep},
  number    = {18},
  pages     = {3787},
  publisher = {Multidisciplinary Digital Publishing Institute},
  title     = {{Aerial and UAV Images for Photogrammetric Analysis of Belvedere Glacier Evolution in the Period 1977–2019}},
  volume    = {13},
  year      = {2021}
}

@book{Dellaert2017_factor_graphs,
  author    = {Frank Dellaert and Michael Kaess},
  year      = {2017},
  title     = {Factor Graphs for Robot Perception},
  publisher = {Foundations and Trends in Robotics, Vol. 6},
  url       = {http://www.cs.cmu.edu/~kaess/pub/Dellaert17fnt.pdf}
}


@article{Dematteis2018,
  title   = {4D surface kinematics monitoring through terrestrial radar interferometry and image cross-correlation coupling},
  journal = {ISPRS Journal of Photogrammetry and Remote Sensing},
  volume  = {142},
  pages   = {38-50},
  year    = {2018},
  issn    = {0924-2716},
  doi     = {10.1016/j.isprsjprs.2018.05.017},
  author  = {Niccolò Dematteis and Daniele Giordan and Francesco Zucca and Guido Luzi and Paolo Allasia}
}

@article{Dematteis2021,
  author         = {Dematteis, Niccolò and Giordan, Daniele},
  title          = {Comparison of Digital Image Correlation Methods and the Impact of Noise in Geoscience Applications},
  journal        = {Remote Sensing},
  volume         = {13},
  year           = {2021},
  number         = {2},
  article-number = {327},
  issn           = {2072-4292},
  doi            = {10.3390/rs13020327}
}

@article{Dematteis2022,
  title   = {Fast local adaptive multiscale image matching algorithm for remote sensing image correlation},
  journal = {Computers \& Geosciences},
  volume  = {159},
  pages   = {104988},
  year    = {2022},
  doi     = {10.1016/j.cageo.2021.104988},
  author  = {Niccolò Dematteis and Daniele Giordan and Bruno Crippa and Oriol Monserrat}
}

@article{DeMichele2016,
  author  = {De Michele, C. and Avanzi, F. and Passoni, D. and Barzaghi, R. and Pinto, L. and Dosso, P. and Ghezzi, A. and Gianatti, R. and Della Vedova, G.},
  title   = {Using a fixed-wing UAS to map snow depth distribution: an~evaluation at peak accumulation},
  journal = {The Cryosphere},
  volume  = {10},
  year    = {2016},
  number  = {2},
  pages   = {511--522},
  doi     = {10.5194/tc-10-511-2016}
}

@inproceedings{DeTone_2018,
  author    = {DeTone, Daniel and Malisiewicz, Tomasz and Rabinovich, Andrew},
  title     = {SuperPoint: Self-Supervised Interest Point Detection and Description},
  booktitle = {Proceedings of the IEEE Conference on Computer Vision and Pattern Recognition (CVPR) Workshops},
  month     = {June},
  year      = {2018}
}

@article{Diolaiuti2003,
  author  = {Diolaiuti, Guglielmina and D'Agata, Carlo and Smiraglia, Claudio},
  doi     = {10.1657/1523-0430(2003)035[0255:BGMRIA]2.0.CO;2},
  journal = {Arctic, Antarctic, and Alpine Research},
  number  = {2},
  pages   = {255--263},
  title   = {{Belvedere Glacier, Monte Rosa, Italian Alps: Tongue Thickness and Volume Variations in the Second Half of the 20th Century}},
  volume  = {35},
  year    = {2003}
}

@inproceedings{Efe_DFM_2021,
  author    = {Efe, Ufuk and Ince, Kutalmis Gokalp and Alatan, Aydin},
  title     = {DFM: A Performance Baseline for Deep Feature Matching},
  booktitle = {Proceedings of the IEEE/CVF Conference on Computer Vision and Pattern Recognition (CVPR) Workshops},
  month     = {June},
  year      = {2021},
  pages     = {4284-4293}
}

@article{Elias2020,
  author         = {Elias, Melanie and Eltner, Anette and Liebold, Frank and Maas, Hans-Gerd},
  title          = {Assessing the Influence of Temperature Changes on the Geometric Stability of Smartphone- and Raspberry Pi Cameras},
  journal        = {Sensors},
  volume         = {20},
  year           = {2020},
  number         = {3},
  article-number = {643},
  doi            = {10.3390/s20030643}
}

@article{Elias2023_slam_RGB_TIR,
  title   = {Multi-modal image matching to colorize a SLAM based point cloud with arbitrary data from a thermal camera},
  journal = {ISPRS J. Photogramm. Remote Sens.},
  pages   = {100041},
  year    = {2023},
  issn    = {2667-3932},
  doi     = {10.1016/j.ophoto.2023.100041},
  author  = {Elias, Melanie and Weitkamp, Alexandra and Eltner, Anette}
}

@article{Eltner2017_time_lapse,
  author  = {Eltner, Anette and Kaiser, Andreas and Abellan, Antonio and Schindewolf, Marcus},
  title   = {Time lapse structure-from-motion photogrammetry for continuous geomorphic monitoring},
  journal = {Earth Surf. Proc. Land.},
  volume  = {42},
  number  = {14},
  pages   = {2240-2253},
  doi     = {10.1002/esp.4178},
  year    = {2017}
}

@online{emnify,
  title = {Emnify},
  year  = {2023},
  url   = {https://www.emnify.com/},
  note  = {[Online; visited on 22/2/2023]}
}

@online{greig,
  title = {Sheridan, G. - Intervalometerator},
  year  = {2023},
  url   = {https://github.com/greiginsydney/Intervalometerator},
  note  = {[Online; visited on 22/2/2023]}
}

@online{pvgis,
  year  = {2023},
  url   = {https://re.jrc.ec.europa.eu/pvg_tools/en/},
  title = {{EU Science Hub - Photovoltaic Geographical Information System (PVGIS)}},
  note  = {[Online; visited on 15/11/2023]}
}

@inproceedings{eriba2019_kornia,
  author    = {Riba, E. and Mishkin, D. and Ponsa, D. and Rublee, E. and Bradski, G.},
  title     = {Kornia: an Open Source Differentiable Computer Vision Library for PyTorch},
  booktitle = {Winter Conf. Appl. of Comput. Vis.},
  year      = {2020},
  url       = {https://arxiv.org/pdf/1910.02190.pdf}
}

@article{Evans2000,
  author  = {Evans, Adrian N.},
  doi     = {10.1109/36.841985},
  journal = {IEEE Trans. Geosci. Remote Sens.},
  month   = {mar},
  number  = {2 II},
  pages   = {1064--1072},
  title   = {{Glacier surface motion computation from digital image s{\'{e}}quences}},
  volume  = {38},
  year    = {2000}
}

@article{Fieber2018,
  author    = {Fieber, Karolina D. and Mills, Jon P. and Miller, Pauline E. and Clarke, Lucy and Ireland, Louise and Fox, Adrian J.},
  doi       = {10.1016/j.rse.2017.10.042},
  journal   = {Remote Sensing of Environment},
  month     = {feb},
  pages     = {18--31},
  publisher = {Elsevier Inc.},
  title     = {{Rigorous 3D change determination in Antarctic Peninsula glaciers from stereo WorldView-2 and archival aerial imagery}},
  volume    = {205},
  year      = {2018}
}

@inproceedings{fitch2002_OC,
  title        = {Orientation Correlation.},
  author       = {Fitch, AJ and Kadyrov, Alexander and Christmas, William J and Kittler, Josef},
  booktitle    = {BMVC},
  pages        = {1--10},
  year         = {2002},
  organization = {Citeseer}
}

@inbook{forstner2016,
  address   = {Cham},
  author    = {F{\"o}rstner, W. and Wrobel, B.},
  publisher = {Springer Nature},
  title     = {Photogrammetric Computer Vision},
  year      = {2016}
}


@article{Fugazza2018,
  author    = {Fugazza, Davide and Scaioni, Marco and Corti, Manuel and D'Agata, Carlo and Azzoni, Roberto Sergio and Cernuschi, Massimo and Smiraglia, Claudio and Diolaiuti, Guglielmina Adele},
  doi       = {10.5194/nhess-18-1055-2018},
  journal   = {Natural Hazards and Earth System Sciences},
  month     = {apr},
  number    = {4},
  pages     = {1055--1071},
  publisher = {Copernicus GmbH},
  title     = {{Combination of UAV and terrestrial photogrammetry to assess rapid glacier evolution and map glacier hazards}},
  url       = {https://nhess.copernicus.org/articles/18/1055/2018/},
  volume    = {18},
  year      = {2018}
}

@article{Gindraux2017,
  author         = {Gindraux, Saskia and Boesch, Ruedi and Farinotti, Daniel},
  title          = {Accuracy Assessment of Digital Surface Models from Unmanned Aerial Vehicles’ Imagery on Glaciers},
  journal        = {Remote Sensing},
  volume         = {9},
  year           = {2017},
  number         = {2},
  article-number = {186}
}

@article{Giordan2016,
  author    = {Giordan, Daniele and Allasia, Paolo and Dematteis, Niccol{\`{o}} and Dell'Anese, Federico and Vagliasindi, Marco and Motta, Elena},
  doi       = {10.3390/s16101750},
  issn      = {1424-8220},
  journal   = {Sensors},
  month     = {oct},
  number    = {10},
  pages     = {1750},
  publisher = {MDPI AG},
  title     = {{A Low-Cost Optical Remote Sensing Application for Glacier Deformation Monitoring in an Alpine Environment}},
  volume    = {16},
  year      = {2016}
}

@incollection{Giordan2020,
  author    = {Daniele Giordan and Niccolò Dematteis and Fabrizio Troilo and Valerio Segor and Danilo Godone},
  title     = {Close-Range Sensing of Alpine Glaciers},
  booktitle = {Glaciers and the Polar Environment},
  publisher = {IntechOpen},
  address   = {Rijeka},
  year      = {2020},
  editor    = {Masaki Kanao and Danilo Godone and Niccolò Dematteis},
  chapter   = {7},
  doi       = {10.5772/intechopen.92841},
  url       = {https://doi.org/10.5772/intechopen.92841}
}

@misc{greig,
  author       = {Sheridan, G.},
  howpublished = {https://github.com/greiginsydney/Intervalometerator},
  title        = {{Intervalometerator Version 4.4.3}},
  year         = {2021}
}

@inproceedings{Hackel2016,
  author = {Hackel, Timo and Wegner, Jan and Schindler, Konrad},
  year   = {2016},
  month  = {06},
  pages  = {1610-1618},
  title  = {Contour Detection in Unstructured 3D Point Clouds},
  doi    = {10.1109/CVPR.2016.178}
}

@article{Hadhri2019,
  author    = {Hadhri, Hela and Vernier, Flavien and Atto, Abdourrahmane M. and Trouv{\'{e}}, Emmanuel},
  doi       = {10.1016/j.isprsjprs.2019.02.007},
  journal   = {ISPRS J. Photogramm. Remote Sens.},
  month     = {apr},
  pages     = {135--156},
  publisher = {Elsevier},
  title     = {{Time-lapse optical flow regularization for geophysical complex phenomena monitoring}},
  volume    = {150},
  year      = {2019}
}

@article{Haeberli2002,
  author    = {Haeberli, Wilfried and K{\"{a}}{\"{a}}b, Andreas and Paul, Frank and Chiarle, Marta and Mortara, Gianni and Mazza, Alvaro and Deline, Philip and Richardson, Shaun},
  doi       = {10.1080/002919502760056422},
  journal   = {Norsk Geografisk Tidsskrift},
  keywords  = {Climate change,Glaciers,High mountains,Natural hazards,Slope instability},
  number    = {2},
  pages     = {104--111},
  publisher = { Taylor Francis Group },
  title     = {{A surge-type movement at Ghiacciaio del Belvedere and a developing slope instability in the east face of Monte Rosa, Macugnaga, Italian Alps}},
  volume    = {56},
  year      = {2002}
}

@article{Hartl2023,
  author  = {Hartl, L. and Zieher, T. and Bremer, M. and Stocker-Waldhuber, M. and Zahs, V. and H\"ofle, B. and Klug, C. and Cicoira, A.},
  title   = {Multi-sensor monitoring and data integration reveal cyclical destabilization of the \"{A}u{\ss}eres Hochebenkar rock glacier},
  journal = {Earth Surface Dynamics},
  volume  = {11},
  year    = {2023},
  number  = {1},
  pages   = {117--147},
  doi     = {10.5194/esurf-11-117-2023}
}

@article{Heid2012_evaluation_xcorr,
  title   = {Evaluation of existing image matching methods for deriving glacier surface displacements globally from optical satellite imagery},
  journal = {Remote Sens. Environ.},
  volume  = {118},
  pages   = {339-355},
  year    = {2012},
  issn    = {0034-4257},
  doi     = {https://doi.org/10.1016/j.rse.2011.11.024},
  author  = {T. Heid and A. Kääb}
}

@article{Hendrickx2022,
  author    = {Hendrickx, Hanne and {Le Roy}, Ga{\"{e}}lle and Helmstetter, Agn{\`{e}}s and Pointner, Eric and Larose, Eric and Braillard, Luc and Nyssen, Jan and Delaloye, Reynald and Frankl, Amaury},
  doi       = {10.1002/esp.5333},
  journal   = {Earth Surf. Process. Landforms},
  month     = {may},
  number    = {6},
  pages     = {1532--1549},
  publisher = {John Wiley {\&} Sons, Ltd},
  title     = {{Timing, volume and precursory indicators of rock- and cliff fall on a permafrost mountain ridge (Mattertal, Switzerland)}},
  volume    = {47},
  year      = {2022}
}

@inproceedings{Hirschmuller2012,
  title     = {{MEMORY} {EFFICIENT} {SEMI}-{GLOBAL} {MATCHING}},
  volume    = {I-3},
  url       = {https://www.isprs-ann-photogramm-remote-sens-spatial-inf-sci.net/I-3/371/2012/},
  doi       = {10.5194/isprsannals-I-3-371-2012},
  booktitle = {{ISPRS} {Annals} of the {Photogrammetry}, {Remote} {Sensing} and {Spatial} {Information} {Sciences}},
  publisher = {Copernicus GmbH},
  author    = {Hirschmüller, H. and Buder, M. and Ernst, I.},
  month     = jul,
  year      = {2012},
  note      = {ISSN: 2194-9042},
  pages     = {371--376}
}

@article{horgan2015glacier,
  title     = {Glacier velocity variability due to rain-induced sliding and cavity formation},
  author    = {Horgan, Huw J and Anderson, Brian and Alley, Richard B and Chamberlain, Cj and Dykes, Ryan and Kehrl, Laura M and Townend, John},
  journal   = {Earth and Planetary Science Letters},
  volume    = {432},
  pages     = {273--282},
  year      = {2015},
  publisher = {Elsevier},
  doi       = {10.1016/j.epsl.2015.10.016}
}

@article{How2020_PyTrx,
  author  = {How, Penelope and Hulton, Nicholas R. J. and Buie, Lynne and Benn, Douglas I.},
  title   = {PyTrx: A Python-Based Monoscopic Terrestrial Photogrammetry Toolset for Glaciology},
  journal = {Frontiers Earth Scie.},
  volume  = {8},
  year    = {2020},
  doi     = {10.3389/feart.2020.00021}
}

@article{IDE2013_snowmelt,
  title   = {A cost-effective monitoring method using digital time-lapse cameras for detecting temporal and spatial variations of snowmelt and vegetation phenology in alpine ecosystems},
  journal = {Ecological Informatics},
  volume  = {16},
  pages   = {25-34},
  year    = {2013},
  doi     = {10.1016/j.ecoinf.2013.04.003},
  author  = {Reiko Ide and Hiroyuki Oguma}
}

@misc{ioli_2023_zenodo,
  author       = {Ioli, Francesco and
                  De Gaetani, Carlo and
                  Barbieri, Federico and
                  Gaspari, Federica and
                  Pinto, Livio and
                  Rossi, Lorenzo},
  title        = {Belvedere Glacier long-term monitoring Open Data},
  month        = apr,
  year         = 2023,
  howpublished = {Zenodo},
  doi          = {10.5281/zenodo.7842348},
  note         = {https://doi.org/10.5281/zenodo.7842348}
}


@misc{ioli_2023_zenodo_stereo,
  author       = {Ioli, Francesco},
  title        = {Belvedere Glacier long-term monitoring Open Data},
  month        = apr,
  year         = 2023,
  howpublished = {Zenodo},
  doi          = {zenodo.8164639},
  note         = {https://doi.org/zenodo.8164639}
}

@article{ioli2021mid,
  title     = {Mid-Term Monitoring of Glacier’s Variations with UAVs: The Example of the Belvedere Glacier},
  author    = {Ioli, Francesco and Bianchi, Alberto and Cina, Alberto and De Michele, Carlo and Maschio, Paolo and Passoni, Daniele and Pinto, Livio},
  journal   = {Remote Sens.},
  volume    = {14},
  number    = {1},
  pages     = {28},
  year      = {2021},
  publisher = {MDPI}
}

@article{Ioli2022,
  author    = {Ioli, Francesco and Bianchi, Alberto and Cina, Alberto and {De Michele}, Carlo and Maschio, Paolo and Passoni, Daniele and Pinto, Livio},
  doi       = {10.3390/rs14010028},
  journal   = {Remote Sensing},
  month     = {dec},
  number    = {1},
  pages     = {28},
  publisher = {Multidisciplinary Digital Publishing Institute},
  title     = {{Mid-term monitoring of glacier's variations with UAVs: The example of the belvedere glacier}},
  volume    = {14},
  year      = {2022}
}

@article{ioli2023_replicable,
  author  = {Ioli, F. and Bruno, E. and Calzolari, D. and Galbiati, M. and Mannocchi, A. and Manzoni, P. and Martini, M. and Bianchi, A. and Cina, A. and De Michele, C. and Pinto, L.},
  title   = {A Replicable Open-Source Multi-Camera System for Low-Cost 4D Glacier Monitoring},
  journal = {Int. Arch. Photogramm.},
  volume  = {XLVIII-M-1-2023},
  year    = {2023},
  pages   = {137--144},
  doi     = {10.5194/isprs-archives-XLVIII-M-1-2023-137-2023}
}


@article{James2016,
  author    = {James, Mike R. and How, Penelope and Wynn, Peter M.},
  journal   = {J. of Glaciol.},
  doi       = {10.1017/jog.2016.27},
  month     = {feb},
  number    = {231},
  pages     = {159--169},
  publisher = {Cambridge University Press},
  title     = {{Pointcatcher software: analysis of glacial time-lapse photography and integration with multitemporal digital elevation models}},
  volume    = {62},
  year      = {2016}
}


@article{jin_image_2021,
  title   = {Image Matching Across Wide Baselines: From Paper to Practice},
  volume  = {129},
  doi     = {10.1007/S11263-020-01385-0/TABLES/15},
  pages   = {517--547},
  number  = {2},
  journal = {International Journal of Computer Vision},
  author  = {Jin, Yuhe and Mishkin, Dmytro and Mishchuk, Anastasiia and Matas, Jiri and Fua, Pascal and Yi, Kwang Moo and Trulls, Eduard},
  note    = {Publisher: Springer},
  year    = {2021}
}

@article{Kaab2004,
  author  = {K{\"{a}}{\"{a}}b, A and Huggel, C and Barbero, S and Chiarle, M and Cordola, M and Epifani, F and Haeberli, W},
  journal = {Inter nationales Symposion INTERPRAEVENT 2004 – RIVA / TRIENT},
  number  = {Vc},
  pages   = {67--78},
  title   = {{Glacier Hazards At Belvedere Glacier and the Monte Rosa East Face , Italian Alps: Processes and Mitigation}},
  year    = {2004}
}


@article{Kaab2005,
  author  = {K{\"{a}}{\"{a}}b, A and Huggel, C and Fischer, L and Guex, S and Paul, F and Roer, I and Salzmann, N and Schlaefli, S and Schmutz, K and Schneider, D and Strozzi, T and Weidmann, Y},
  journal = {Natural Hazards and Earth System Science},
  number  = {4},
  pages   = {527--554},
  title   = {{Remote sensing of glacier-and permafrost-related hazards in high mountains: an overview}},
  volume  = {5},
  year    = {2005}
}


@inproceedings{Kazhdan2006PoissonSR,
  title     = {Poisson surface reconstruction},
  author    = {Michael M. Kazhdan and Matthew Bolitho and Hugues Hoppe},
  booktitle = {Symp. Geom. Process.},
  year      = {2006}
}

@article{kneib_sub-seasonal_2022,
  title   = {Sub-seasonal variability of supraglacial ice cliff melt rates and associated processes from time-lapse photogrammetry},
  volume  = {16},
  doi     = {10.5194/tc-16-4701-2022},
  pages   = {4701--4725},
  number  = {11},
  journal = {The Cryosphere},
  author  = {Kneib, Marin and Miles, Evan S. and Buri, Pascal and Fugger, Stefan and {McCarthy}, Michael and Shaw, Thomas E. and Chuanxi, Zhao and Truffer, Martin and Westoby, Matthew J. and Yang, Wei and Pellicciotti, Francesca},
  year    = {2022}
}

@article{lague2013accurate,
  title     = {Accurate 3D comparison of complex topography with terrestrial laser scanner: Application to the Rangitikei canyon (NZ)},
  author    = {Lague, Dimitri and Brodu, Nicolas and Leroux, J{\'e}r{\^o}me},
  journal   = {ISPRS J. Photogramm. Remote Sens.},
  volume    = {82},
  pages     = {10--26},
  year      = {2013},
  publisher = {Elsevier}
}

@article{leduc_2018_stage,
  title        = {Technical note: Stage and water width measurement of a mountain stream using a simple time-lapse camera},
  volume       = {22},
  doi          = {10.5194/hess-22-1-2018},
  pages        = {1--11},
  number       = {1},
  journaltitle = {Hydrology and Earth System Sciences},
  author       = {Leduc, P. and Ashmore, P. and Sjogren, D.},
  year         = {2018},
  keywords     = {time\_lapse\_cameras}
}


@inproceedings{Li_Snavely_2018_MegaDepth,
  author    = {Li, Zhengqi and Snavely, Noah},
  title     = {MegaDepth: Learning Single-View Depth Prediction from Internet Photos},
  booktitle = {Proc. CVPR IEEE},
  year      = {2018},
  volume    = {},
  number    = {},
  pages     = {2041-2050},
  doi       = {10.1109/CVPR.2018.00218}
}


@article{Liang2023_featurematchingtransformer,
  author         = {Liang, Chenbin and Dong, Yunyun and Zhao, Changjun and Sun, Zengguo},
  title          = {A Coarse-to-Fine Feature Match Network Using Transformers for Remote Sensing Image Registration},
  journal        = {Remote Sens.},
  volume         = {15},
  year           = {2023},
  number         = {13},
  article-number = {3243},
  doi            = {10.3390/rs15133243}
}


@article{liu2019diurnal,
  title     = {Diurnal fluctuations of glacier surface velocity observed with terrestrial radar interferometry at Laohugou No. 12 Glacier, western Qilian mountains, China},
  author    = {Liu, Lin and Jiang, Liming and Sun, Yongling and Wang, Hui and Sun, Yafei and Xu, Hui and others},
  journal   = {Journal of Glaciology},
  volume    = {65},
  pages     = {239--248},
  year      = {2019},
  publisher = {Cambridge University Press},
  doi       = {10.1017/jog.2019.1}
}


@article{Lowe2004,
  title   = {Distinctive image features from scale-invariant keypoints},
  volume  = {60},
  number  = {2},
  journal = {International Journal of Computer Vision},
  author  = {Lowe, David G},
  year    = {2004},
  pages   = {91--110}
}


@article{Luzi2007,
  author  = {Luzi, G. and Pieraccini, M. and Mecatti, D. and Noferini, L. and Macaluso, G. and Tamburini, A. and Atzeni, C.},
  doi     = {10.1109/LGRS.2007.898282},
  journal = {IEEE Geoscience and Remote Sensing Letters},
  month   = {jul},
  number  = {3},
  pages   = {495--499},
  title   = {{Monitoring of an alpine glacier by means of ground-based SAR interferometry}},
  volume  = {4},
  year    = {2007}
}

@article{Maas2006,
  author  = {Maas, H.-G. and Dietrich, R. and Schwalbe, E. and B{\"{a}}{\ss}ler, M. and Westfeld, P.},
  issn    = {16821750},
  journal = {Int. Arch. Photogramm. Remote Sens. Spat. Inf. Sci. - ISPRS Arch.},
  title   = {{Analysis of the motion behaviour of Jakobshavn Isbr{\ae} glacier in Greenland by monocular image sequence analysis}},
  volume  = {36},
  year    = {2006}
}

@article{maas2017,
  author  = {Maas, A. and Rottensteiner, F. and Heipke, C.},
  journal = {ISPRS Ann. Photogramm. Remote Sens. Spatial Inf. Sci.},
  volume  = {IV-1/W1},
  pages   = {215--222},
  doi     = {10.5194/isprs-annals-IV-1-W1-215-2017},
  title   = {Classification under label noise using outdated maps},
  year    = {2017}
}

@article{Maiwald2021_Historical,
  author         = {Maiwald, Ferdinand and Lehmann, Christoph and Lazariv, Taras},
  title          = {Fully Automated Pose Estimation of Historical Images in the Context of 4D Geographic Information Systems Utilizing Machine Learning Methods},
  journal        = {ISPRS Int. of Geo-Inf.},
  volume         = {10},
  year           = {2021},
  number         = {11},
  article-number = {748}
}

@article{Marsy2020,
  author  = {Marsy, G and Vernier, F and Bodin, X and Cusicanqui, D and Castaings, W and Trouv{\'{e}}, E},
  doi     = {10.5194/isprs-annals-V-2-2020-459-2020},
  journal = {ISPRS Annals of the Photogrammetry, Remote Sensing and Spatial Information Sciences},
  title   = {{MONITORING MOUNTAIN CRYOSPHERE DYNAMICS BY TIME LAPSE STEREO PHOTOGRAMMETRY}},
  volume  = {V-2},
  year    = {2020}
}


@article{Messerli2015,
  author  = {Messerli, A. and Grinsted, A.},
  doi     = {10.5194/gi-4-23-2015},
  journal = {Geoscientific Instrumentation, Methods and Data Systems},
  number  = {1},
  pages   = {23--34},
  title   = {{Image georectification and feature tracking toolbox: ImGRAFT}},
  volume  = {4},
  year    = {2015}
}

@article{michalis2008,
  author  = {P. Michalis and I. Dowman},
  journal = {Photogrammetric Engineering \& Remote Sensing},
  pages   = {303--309},
  title   = {A Generic Model for Along-Track Stereo Sensors Using Rigorous Orbit Mechanics},
  volume  = {74},
  number  = {3},
  year    = {2008}
}

@article{Mishkin2015_pydegensac,
  title   = {MODS: Fast and robust method for two-view matching},
  journal = {Computer Vision and Image Understanding},
  volume  = {141},
  pages   = {81-93},
  year    = {2015},
  issn    = {1077-3142},
  doi     = {https://doi.org/10.1016/j.cviu.2015.08.005},
  author  = {Mishkin, Dmytro and Matas, Jiri and Perdoch, Michal}
}

@article{Mishkin2015MODS,
  title   = {MODS: Fast and robust method for two-view matching },
  journal = {Computer Vision and Image Understanding },
  year    = {2015},
  issn    = {1077-3142},
  doi     = {http://dx.doi.org/10.1016/j.cviu.2015.08.005},
  url     = {http://www.sciencedirect.com/science/article/pii/S1077314215001800},
  author  = {Dmytro Mishkin and Jiri Matas and Michal Perdoch}
}

@article{morelli2023colmap,
  title     = {COLMAP-SLAM: A FRAMEWORK FOR VISUAL ODOMETRY},
  author    = {Morelli, L and Ioli, F and Beber, R and Menna, F and Remondino, F and Vitti, A},
  journal   = {Int. Arch. Photogramm.},
  volume    = {48},
  pages     = {317--324},
  year      = {2023},
  publisher = {Copernicus Publications G{\"o}ttingen, Germany}
}

@book{Mortara2009,
  title     = {Il ghiacciaio del Belvedere e l'emergenza del Lago Effimero. Regione Piemonte},
  author    = {Mortara, G. and Tamburini, A. and Ercole, G. and P Semino and M Chiarle and F Godone and M Guiliano and Wilfried Haeberli and Andreas K{\"a}{\"a}b and Christian Huggel and L Fischer and M Cordola and S Barbero and A Salandin and D Rabuffetti and L Mercalli and D Cat Berro and A Carton and A Mazza and D Godone and P Federici and G Viazzo and F Epifani and T Valsesia},
  publisher = {Societa' Meteorologica Subalpina},
  year      = {2009}
}

@article{nienow2005hydrological,
  title     = {Hydrological controls on diurnal ice flow variability in valley glaciers},
  author    = {Nienow, Peter W and Hubbard, Alun L and Hubbard, Bryn P and Chandler, David M and Mair, Douglas WF and Sharp, Martin J and Willis, Ian C},
  journal   = {Journal of Geophysical Research: Earth Surface},
  volume    = {110},
  pages     = {F04015},
  year      = {2005},
  publisher = {Wiley Online Library},
  doi       = {10.1029/2003JF000112}
}

@article{Noferini2009,
  author  = {Noferini, Linhsia and Mecatti, Daniele and Macaluso, Giovanni and Pieraccini, Massimiliano and Atzeni, Carlo},
  doi     = {10.1016/j.jappgeo.2009.02.004},
  journal = {Journal of Applied Geophysics},
  number  = {2},
  pages   = {289--293},
  title   = {{Monitoring of Belvedere Glacier using a wide angle GB-SAR interferometer}},
  volume  = {68},
  year    = {2009}
}


@article{Piermattei2016,
  author  = {Piermattei, Livia and Carturan, Luca and {De Blasi}, Fabrizio and Tarolli, Paolo and {Dalla Fontana}, Giancarlo and Vettore, Antonio and Pfeifer, Norbert},
  doi     = {10.5194/esurf-4-425-2016},
  journal = {Earth Surf. Dynam},
  pages   = {425--443},
  title   = {{Suitability of ground-based SfM-MVS for monitoring glacial and periglacial processes}},
  volume  = {4},
  year    = {2016}
}


@article{pimentel2011numerical,
  title     = {A numerical study of hydrologically driven glacier dynamics and subglacial flooding},
  author    = {Pimentel, S and Flowers, GE},
  journal   = {Proceedings of the Royal Society A: Mathematical, Physical and Engineering Sciences},
  volume    = {467},
  pages     = {537--558},
  year      = {2011},
  publisher = {The Royal Society},
  doi       = {10.1098/rspa.2010.0211}
}


@software{pix4d,
  author = {Pix4D},
  title  = {Matic},
  year   = {2023},
  url    = {https://www.pix4d.com}
}

@software{rawtherapee,
  title   = {RawTherapee},
  author  = {The RawTherapee Team},
  license = {GPL-3.0},
  year    = {2023},
  url     = {www.rawtherapee.com}
}


 @article{remondino2022_at_with_dl,
  author  = {Remondino, F. and Morelli, L. and Stathopoulou, E. and Elhashash, M. and Qin, R.},
  title   = {Aerial Triangulation with Learning-Based Tie Points},
  journal = {Int. Arch. Photogramm.},
  volume  = {XLIII-B2-2022},
  year    = {2022},
  pages   = {77--84},
  doi     = {10.5194/isprs-archives-XLIII-B2-2022-77-2022}
}


@article{Roethlisberger1985,
  author  = {Roethlisberger, H. and Haeberli, W. and Schmid, W. and Biolzi, M and Pika, J.},
  journal = {Comunit{\`{a}} montana della Valle Anzasca},
  number  = {97.3},
  title   = {{Studi Sul Comportamento Del Ghiaciao Del Belvedere}},
  year    = {1985}
}

@article{roncella_landslide_2014,
  title   = {Landslide monitoring by fixed-base terrestrial stereo-photogrammetry},
  volume  = {2},
  doi     = {10.5194/ISPRSANNALS-II-5-297-2014},
  pages   = {297--304},
  number  = {5},
  journal = {ISPRS Ann. Photogramm. Remote Sens. Spat. Inf. Sci.},
  author  = {Roncella, R. and Forlani, G. and Fornari, M. and Diotri, F.},
  year    = {2014}
}

@inproceedings{Rublee2011,
  author    = {Rublee, Ethan and Rabaud, Vincent and Konolige, Kurt and Bradski, Gary},
  booktitle = {2011 International Conference on Computer Vision},
  title     = {ORB: An efficient alternative to SIFT or SURF},
  year      = {2011},
  volume    = {},
  number    = {},
  pages     = {2564-2571},
  doi       = {10.1109/ICCV.2011.6126544}
}


@article{rupnik2017micmac,
  title     = {MicMac--a free, open-source solution for photogrammetry},
  author    = {Rupnik, Ewelina and Daakir, Mehdi and Pierrot Deseilligny, Marc},
  journal   = {Open Geospat. Data, Softw. Stand.},
  volume    = {2},
  number    = {1},
  pages     = {1--9},
  year      = {2017},
  publisher = {SpringerOpen}
}



@article{sanders2018variations,
  title     = {Variations in the surface velocity of an alpine cirque glacier},
  author    = {Sanders, James W and Cuffey, Kurt M and MacGregor, Kelly R and Kavanaugh, Jeffrey L and Dow, Christine F},
  journal   = {Journal of Glaciology},
  volume    = {64},
  pages     = {969--976},
  year      = {2018},
  publisher = {Cambridge University Press},
  doi       = {10.1017/jog.2018.85}
}


@inproceedings{Sarlin_2019_hloc,
  author    = {Sarlin, Paul-Edouard and Cadena, Cesar and Siegwart, Roland and Dymczyk, Marcin},
  title     = {From Coarse to Fine: Robust Hierarchical Localization at Large Scale},
  booktitle = {Proc. CVPR IEEE},
  month     = {June},
  year      = {2019}
}

@inproceedings{sarlin2020superglue,
  title     = {{SuperGlue}: Learning Feature Matching with Graph Neural Networks},
  author    = {Paul-Edouard Sarlin and
               Daniel DeTone and
               Tomasz Malisiewicz and
               Andrew Rabinovich},
  booktitle = {Proc. CVPR IEEE},
  year      = {2020}
}

@article{Scherler2008,
  author    = {Scherler, Dirk and Leprince, S{\'{e}}bastien and Strecker, Manfred R.},
  doi       = {10.1016/J.RSE.2008.05.018},
  journal   = {Remote Sensing of Environment},
  month     = {oct},
  number    = {10},
  pages     = {3806--3819},
  publisher = {Elsevier},
  title     = {{Glacier-surface velocities in alpine terrain from optical satellite imagery—Accuracy improvement and quality assessment}},
  volume    = {112},
  year      = {2008}
}


@inproceedings{schoenberger2016sfm,
  author    = {Sch\"{o}nberger, Johannes Lutz and Frahm, Jan-Michael},
  title     = {Structure-from-Motion Revisited},
  booktitle = {Proc. CVPR IEEE},
  year      = {2016}
}

@article{Schwalbe2017,
  author  = {Schwalbe, E. and Maas, H.-G.},
  title   = {The determination of high-resolution spatio-temporal glacier motion fields from time-lapse sequences},
  journal = {Earth Surf. Dynam.},
  volume  = {5},
  year    = {2017},
  number  = {4},
  pages   = {861--879},
  doi     = {10.5194/esurf-5-861-2017}
}

@article{Strozzi2020,
  author    = {Strozzi, Tazio and Caduff, Rafael and Jones, Nina and Barboux, Chlo{\'{e}} and Delaloye, Reynald and Bodin, Xavier and K{\"{a}}{\"{a}}b, Andreas and M{\"{a}}tzler, Eva and Schrott, Lothar},
  doi       = {10.3390/RS12030559},
  journal   = {Remote Sensing 2020, Vol. 12, Page 559},
  month     = {feb},
  number    = {3},
  pages     = {559},
  publisher = {Multidisciplinary Digital Publishing Institute},
  title     = {{Monitoring Rock Glacier Kinematics with Satellite Synthetic Aperture Radar}},
  volume    = {12},
  year      = {2020}
}


@article{sugiyama2010surface,
  title     = {Surface ice motion deviating toward the margins during speed-up events at Gornergletscher, Switzerland},
  author    = {Sugiyama, Shin and Bauder, Andreas and Riesen, Pascal and Funk, Martin},
  journal   = {Journal of Geophysical Research: Earth Surface},
  volume    = {115},
  pages     = {F03007},
  year      = {2010},
  publisher = {Wiley Online Library},
  doi       = {10.1029/2009JF001509}
}


@inproceedings{sun2021_loftr,
  title     = {{LoFTR}: Detector-Free Local Feature Matching with Transformers},
  booktitle = {Proc. CVPR IEEE},
  author    = {Sun, Jiaming and Shen, Zehong and Wang, Yuang and Bao, Hujun and Zhou, Xiaowei},
  year      = {2021}
}


@article{Taylor2023,
  author  = {Taylor, L. S. and Quincey, D. J. and Smith, M. W.},
  title   = {Evaluation of low-cost Raspberry Pi sensors for structure-from-motion
             reconstructions of glacier calving fronts},
  journal = {Nat. Hazards Earth Sys.},
  volume  = {23},
  year    = {2023},
  number  = {1},
  pages   = {329--341},
  doi     = {10.5194/nhess-23-329-2023}
}


@article{Tonolo2020,
  author  = {{Giulio Tonolo}, F. and Cina, A. and Manzino, A. and Fronteddu, M.},
  doi     = {10.5194/isprs-archives-XLIII-B2-2020-1073-2020},
  journal = {The International Archives of the Photogrammetry, Remote Sensing and Spatial Information Sciences},
  title   = {{3D glacier mapping by means of satellite stereo images: the Belvedere Glacier case study in the Italian Alps}},
  year    = {2020},
  volume  = {Volume XLIII-B2-2020}
}

@article{Travelletti2012,
  title   = {Correlation of multi-temporal ground-based optical images for landslide monitoring: Application, potential and limitations},
  journal = {ISPRS Journal of Photogrammetry and Remote Sensing},
  volume  = {70},
  pages   = {39-55},
  year    = {2012},
  issn    = {0924-2716},
  doi     = {10.1016/j.isprsjprs.2012.03.007},
  author  = {J. Travelletti and C. Delacourt and P. Allemand and J.-P. Malet and J. Schmittbuhl and R. Toussaint and M. Bastard}
}

@article{tsai2008entropy,
  title   = {Information entropy measure for evaluation of image quality},
  author  = {Tsai, Du-Yih and Lee, Yung and Matsuyama, Eriko},
  journal = {Journal of Digital Imaging},
  volume  = {21},
  pages   = {338--347},
  year    = {2008},
  doi     = {10.1007/s10278-007-9044-5}
}

@article{Vallot2019,
  author  = {Vallot, D. and Adinugroho, S. and Strand, R. and How, P. and Pettersson, R. and Benn, D. I. and Hulton, N. R. J.},
  title   = {Automatic detection of calving events from time-lapse imagery at Tunabreen, Svalbard},
  journal = {Geosci. Intrum. Meth.},
  volume  = {8},
  year    = {2019},
  number  = {1},
  pages   = {113--127},
  doi     = {10.5194/gi-8-113-2019}
}

@misc{vaswani2023attention,
  title         = {Attention Is All You Need},
  author        = {Ashish Vaswani and Noam Shazeer and Niki Parmar and Jakob Uszkoreit and Llion Jones and Aidan N. Gomez and Lukasz Kaiser and Illia Polosukhin},
  year          = {2023},
  eprint        = {1706.03762},
  archiveprefix = {arXiv},
  primaryclass  = {cs.CL}
}

@article{vincent2016sliding,
  title     = {Sliding velocity fluctuations and subglacial hydrology over the last two decades on Argentière glacier, Mont Blanc area},
  author    = {Vincent, Christian and Moreau, Luc and others},
  journal   = {Journal of Glaciology},
  volume    = {62},
  pages     = {805--815},
  year      = {2016},
  publisher = {Cambridge University Press},
  doi       = {10.1017/jog.2016.35}
}

@article{Voordendag2023,
  author  = {Voordendag, Annelies and Goger, Brigitta and Klug, Christoph and Prinz, Rainer and Rutzinger, Martin and Sauter, Tobias and Kaser, Georg},
  title   = {Uncertainty assessment of a permanent long-range terrestrial laser scanning system for the quantification of snow dynamics on Hintereisferner (Austria)},
  journal = {Frontiers in Earth Science},
  volume  = {11},
  year    = {2023},
  doi     = {10.3389/feart.2023.1085416}
}

@article{willis1995intra,
  title     = {Intra-annual variations in glacier motion: A review},
  author    = {Willis, Ian C},
  journal   = {Progress in Physical Geography},
  volume    = {19},
  pages     = {61--106},
  year      = {1995},
  publisher = {SAGE Publications Sage UK: London, England},
  doi       = {10.1177/030913339501900104}
}

@article{Winiwarter2023_kalman,
  author  = {Winiwarter, L. and Anders, K. and Czerwonka-Schr\"oder, D. and H\"ofle, B.},
  title   = {Full four-dimensional change analysis of topographic point cloud time series using Kalman filtering},
  journal = {Earth Surf. Dynam.},
  volume  = {11},
  year    = {2023},
  number  = {4},
  pages   = {593--613},
  doi     = {10.5194/esurf-11-593-2023}
}


@inproceedings{wu2021_public_webcams,
  title     = {3D Reconstruction from public webcams},
  author    = {Tianyu Wu and Konrad Schindler and Cenek Albl},
  year      = {2021},
  booktitle = {Proc. CVPR IEEE}
}


@article{Yao_2021,
  title    = {Review of {Wide}-{Baseline} {Stereo} {Image} {Matching} {Based} on {Deep} {Learning}},
  volume   = {13},
  doi      = {10.3390/rs13163247},
  language = {en},
  number   = {16},
  journal  = {Remote Sensing},
  author   = {Yao, Guobiao and Yilmaz, Alper and Meng, Fei and Zhang, Li},
  month    = jan,
  year     = {2021},
  pages    = {3247}
}



@article{Yingying2018_leag,
  author  = {Xie, Yingying and Civco, Daniel L. and Silander Jr., John A.},
  title   = {Species-specific spring and autumn leaf phenology captured by time-lapse digital cameras},
  journal = {Ecosphere},
  volume  = {9},
  number  = {1},
  doi     = {https://doi.org/10.1002/ecs2.2089},
  year    = {2018}
}

@article{young_2015_river_discharge,
  title   = {Image analysis techniques to estimate river discharge using time-lapse cameras in remote locations},
  volume  = {76},
  issn    = {0098-3004},
  doi     = {https://doi.org/10.1016/j.cageo.2014.11.008},
  pages   = {1--10},
  journal = {Computers \& Geosciences},
  author  = {Young, David S. and Hart, Jane K. and Martinez, Kirk},
  year    = {2015}
}


@article{zahs2022correspondence,
  title     = {Correspondence-driven plane-based M3C2 for lower uncertainty in 3D topographic change quantification},
  author    = {Zahs, Vivien and Winiwarter, Lukas and Anders, Katharina and Williams, Jack G and Rutzinger, Martin and H{\"o}fle, Bernhard},
  journal   = {ISPRS J. Photogramm. Remote Sens.},
  volume    = {183},
  pages     = {541--559},
  year      = {2022},
  publisher = {Elsevier}
}


@article{Zemp2006,
  author  = {Zemp, Michael and Haeberli, Wilfried and Hoelzle, Martin and Paul, Frank},
  title   = {Alpine glaciers to disappear within decades?},
  journal = {Geophys. Res. Lett.},
  volume  = {33},
  number  = {13},
  doi     = {10.1029/2006GL026319},
  year    = {2006}
}



@article{zhang_flexible_2000,
  title   = {A flexible new technique for camera calibration},
  volume  = {22},
  doi     = {10.1109/34.888718},
  pages   = {1330--1334},
  number  = {11},
  journal = {{IEEE} Trans. Pattern Anal. Machine Intell.},
  author  = {Zhang, Z.},
  year    = {2000}
}

@inproceedings{Zhengqi_2018,
  title     = {MegaDepth: Learning Single-View Depth Prediction from Internet Photos},
  author    = {Zhengqi Li and Noah Snavely},
  booktitle = {Computer Vision and Pattern Recognition (CVPR)},
  year      = {2018}
} 


@article{Zhou2018,
  author  = {Qian-Yi Zhou and Jaesik Park and Vladlen Koltun},
  title   = {{Open3D}: {A} Modern Library for {3D} Data Processing},
  journal = {arXiv:1801.09847},
  year    = {2018}
}
